@BOOK{Korolev,
author = "Королев, В. Ю. ",
title = "Теория вероятностей и математическая статистика: учеб.",
address = "М.",
publisher = "ТК Вебли, Изд-во Проспект",
year = 2006,
pages = 160,
language = "russian"
}

@BOOK{Gusev,
author = "Гусев, Н. А. ",
title = "Заметки к курсу: мера и интеграл Лебега.",
year = 2019,
note = "\url{https://www.ngusev.ru/mt/mt-lectures.pdf}"
}

